<record><leader>00000cas a22000007a 4500</leader><controlfield tag="001">9226363</controlfield><controlfield tag="008">830215d18651868mauwr ne      0    0eng d</controlfield><datafield ind1=" " ind2=" " tag="010"><subfield code="a">sn 83020021 </subfield></datafield><datafield ind1=" " ind2=" " tag="040"><subfield code="a">NPX</subfield><subfield code="b">eng</subfield><subfield code="c">NPX</subfield><subfield code="d">NPY</subfield><subfield code="d">MGN</subfield><subfield code="d">OCLCQ</subfield></datafield><datafield ind1=" " ind2=" " tag="042"><subfield code="a">msc</subfield></datafield><datafield ind1="0" ind2=" " tag="130"><subfield code="a">Hampshire express (Amherst, Mass.)</subfield></datafield><datafield ind1="1" ind2="0" tag="245"><subfield code="a">Hampshire express.</subfield></datafield><datafield ind1=" " ind2=" " tag="260"><subfield code="a">Amherst [Mass.] :</subfield><subfield code="b">H.A. Marsh &amp; Co.</subfield></datafield><datafield ind1=" " ind2=" " tag="300"><subfield code="a">v.</subfield></datafield><datafield ind1=" " ind2=" " tag="310"><subfield code="a">Weekly</subfield></datafield><datafield ind1="1" ind2=" " tag="362"><subfield code="a">Began Jan. 27, 1865? Ceased Apr. 30, 1868?</subfield></datafield><datafield ind1=" " ind2=" " tag="588"><subfield code="a">Description based on: Vol. 21, no. 42 (June 16, 1865).</subfield></datafield><datafield ind1=" " ind2=" " tag="752"><subfield code="a">United States</subfield><subfield code="b">Massachusetts</subfield><subfield code="c">Hampshire</subfield><subfield code="d">Amherst.</subfield></datafield><datafield ind1="0" ind2="0" tag="780"><subfield code="t">Hampshire and Franklin express</subfield><subfield code="w">(DLC)sn 83020020</subfield></datafield><datafield ind1="0" ind2="0" tag="785"><subfield code="t">Amherst record (Amherst, Mass. : 1868)</subfield><subfield code="w">(DLC)sn 83020022</subfield></datafield></record>